% Encoding: UTF-8

@article{newton18,
  author    = {Jonathan Newton},
  title     = {Evolutionary Game Theory: {A} Renaissance},
  journal   = {Games},
  volume    = {9},
  number    = {2},
  pages     = {31},
  year      = {2018},
% url       = {https://doi.org/10.3390/g9020031},
% doi       = {10.3390/g9020031},
}

@article{csiszar2004,
 author = {Csisz\'{a}r, Imre and Shields, Paul C.},
 title = {Information Theory and Statistics: A Tutorial},
 journal = {Communications and Information Theory},
 issue_date = {December 2004},
 volume = {1},
 number = {4},
 month = dec,
 year = {2004},
 issn = {1567-2190},
 pages = {417--528},
 numpages = {112},
% url = {http://dx.doi.org/10.1561/0100000004},
% doi = {10.1561/0100000004},
 acmid = {1166380},
 publisher = {Now Publishers Inc.},
 address = {Hanover, MA, USA},
} 

@article{shannon1948,
 author = {Shannon, C. E.},
 title = {A Mathematical Theory of Communication},
 journal = {Bell System Technical Journal},
 issue_date = {},
 volume = {27},
 number = {},
 month = jan,
 year = {1948},
 issn = {},
 pages = {379--423},

} 


@Article{ding2019,
  author  = {Hongfa Ding and Changgen Peng and Youliang Tian and Shuwen Xiang},
  title   = {A risk adaptive access control model based on Markov for big data in the cloud},
  journal = {International Journal of High Performance Computing and Networking},
  year    = {2019},
  volume  = {13},
  number  = {4},
  pages   = {464--475},
%  doi     = {10.1504/IJHPCN.2019.099269},
%  url     = {https://doi.org/10.1504/IJHPCN.2019.099269},
}

@Article{dossantos2016,
  author     = {dos Santos, Daniel Ricardo and Marinho, Roberto and Schmitt, Gustavo Roecker and Westphall, Carla Merkle and Westphall, Carlos Becker},
  title      = {A Framework and Risk Assessment Approaches for Risk-based Access Control in the Cloud},
  journal    = {Journal of Network and Computer Applications},
  year       = {2016},
  volume     = {74},
  number     = {C},
  pages      = {86--97},
  month      = oct,
  issn       = {1084-8045},
  acmid      = {3005796},
  address    = {London, UK, UK},
%  doi        = {10.1016/j.jnca.2016.08.013},
  issue_date = {October 2016},
  keywords   = {Access control, Cloud computing, Risk},
  numpages   = {12},
  publisher  = {Academic Press Ltd.},
}

@InProceedings{downs1985,
  author    = {D. D. {Downs} and J. R. {Rub} and K. C. {Kung} and C. S. {Jordan}},
  title     = {Issues in Discretionary Access Control},
  booktitle = {1985 IEEE Symposium on Security and Privacy},
  year      = {1985},
  pages     = {208-208},
  month     = {April},
 % doi       = {10.1109/SP.1985.10014},
  issn      = {1540-7993},
}

@InProceedings{mccune2006,
  author    = {J. M. {McCune} and T. {Jaeger} and S. {Berger} and R. {Caceres} and R. {Sailer}},
  title     = {Shamon: A System for Distributed Mandatory Access Control},
  booktitle = {2006 22nd Annual Computer Security Applications Conference (ACSAC'06)},
  year      = {2006},
  pages     = {23-32},
  month     = {Dec},
 % doi       = {10.1109/ACSAC.2006.47},
  issn      = {1063-9527},
}

@Article{diazlopez2016,
  author     = {Diaz-Lopez, Daniel and Dolera-Tormo, Gines and Gomez-Marmol, Felix and Martinez-Perez, Gregorio},
  title      = {Dynamic Counter-measures for Risk-based Access Control Systems},
  journal    = {Future Generation Computer Systems},
  year       = {2016},
  volume     = {55},
  number     = {C},
  pages      = {321--335},
  month      = feb,
  issn       = {0167-739X},
  acmid      = {2870028},
  address    = {Amsterdam, The Netherlands, The Netherlands},
%  doi        = {10.1016/j.future.2014.10.012},
  issue_date = {February 2016},
  keywords   = {Access control systems, Counter-measures, Genetic algorithms, ISMS, ISO 27001, Risk management},
  numpages   = {15},
  publisher  = {Elsevier Science Publishers B. V.},
%  url        = {https://doi.org/10.1016/j.future.2014.10.012},
}

@InProceedings{armando2015b,
  author    = {Armando, Alessandro and Bezzi, Michele and Cerbo, Francesco and Metoui, Nadia},
  title     = {Balancing Trust and Risk in Access Control},
  booktitle = {Proceedings of the Confederated International Conferences on On the Move to Meaningful Internet Systems: OTM 2015 Conferences - Volume 9415},
  year      = {2015},
  pages     = {660--676},
  address   = {Berlin, Heidelberg},
  publisher = {Springer-Verlag},
  acmid     = {2966705},
%  doi       = {10.1007/978-3-319-26148-5_45},
  isbn      = {978-3-319-26147-8},
  keywords  = {Privacy, Risk, Trust},
  numpages  = {17},
%  url       = {https://doi.org/10.1007/978-3-319-26148-5_45},
}

@Article{armando2015,
  author     = {Armando, Alessandro and Bezzi, Michele and Metoui, Nadia and Sabetta, Antonino},
  title      = {Risk-Based Privacy-Aware Information Disclosure},
  journal    = {International Journal of Secure Software Engineering},
  year       = {2015},
  volume     = {6},
  number     = {2},
  pages      = {70--89},
  month      = apr,
  issn       = {1947-3036},
  acmid      = {2820357},
  address    = {Hershey, PA, USA},
%  doi        = {10.4018/IJSSE.2015040104},
  issue_date = {April 2015},
  keywords   = {Adult Data Set, Anonymization, Data, Risk, Risk-Aware Access Control Systems, UCI Machine Learning Repository},
  numpages   = {20},
  publisher  = {IGI Global},
%  url        = {http://dx.doi.org/10.4018/IJSSE.2015040104},
}

@Article{khambhammettu2013,
  author     = {Khambhammettu, Hemanth and Boulares, Sofiene and Adi, Kamel and Logrippo, Luigi},
  title      = {A Framework for Risk Assessment in Access Control Systems},
  journal    = {Computer Security},
  year       = {2013},
  volume     = {39},
  pages      = {86--103},
  month      = nov,
  issn       = {0167-4048},
  acmid      = {2622850},
  address    = {Oxford, UK, UK},
%  doi        = {10.1016/j.cose.2013.03.010},
  issue_date = {November, 2013},
  keywords   = {Access control, Impact, Risk, Security, Threat},
  numpages   = {18},
  publisher  = {Elsevier Advanced Technology Publications},
%  url        = {http://dx.doi.org/10.1016/j.cose.2013.03.010},
}

@Article{shaikh2012,
  author     = {Shaikh, Riaz Ahmed and Adi, Kamel and Logrippo, Luigi},
  title      = {Dynamic Risk-based Decision Methods for Access Control Systems},
  journal    = {Computer Security},
  year       = {2012},
  volume     = {31},
  number     = {4},
  pages      = {447--464},
  month      = jun,
  issn       = {0167-4048},
  acmid      = {2623000},
  address    = {Oxford, UK, UK},
%  doi        = {10.1016/j.cose.2012.02.006},
  issue_date = {June, 2012},
  keywords   = {Access control, Policy, Risk, Security, Trust},
  numpages   = {18},
  publisher  = {Elsevier Advanced Technology Publications},
%  url        = {http://dx.doi.org/10.1016/j.cose.2012.02.006},
}

@Article{hui2015,
  author  = {Hui Zhen and Li Hao and Zhang Min and Feng Deng-guo},
  title   = {Risk-adaptive access control model for big data in healthcare},
  journal = {Journal on Communications},
  year    = {2015},
  volume  = {36},
  number  = {12},
  pages   = {190-199},
 % doi     = {10.11959/j.issn.1000-436x.2015328},
}

@Article{li2017,
  author  = {Li Hao and Zhang Min and Feng Deng-guo and Hui Zhen},
  title   = {Research on Access Control of Big Data},
  journal = {Chinese Journal of Computers},
  year    = {2017},
  volume  = {40},
  number  = {1},
  pages   = {72-91},
%  doi     = {10.11897/SP.J.1016.2017.00072},
}

@InProceedings{boulares2016,
  author    = {Boulares, Sofiene and Adi, Kamel and Logrippo, Luigi},
  title     = {Insider Threat Likelihood Assessment for Access Control Systems: Quantitative Approach},
  booktitle = {Foundations and Practice of Security},
  year      = {2017},
  editor    = {Cuppens, Fr{\'e}d{\'e}ric and Wang, Lingyu and Cuppens-Boulahia, Nora and Tawbi, Nadia and Garcia-Alfaro, Joaquin},
  pages     = {135--142},
  address   = {Cham},
  publisher = {Springer International Publishing},
  isbn      = {978-3-319-51966-1},
}

@InProceedings{krautsevich2014,
  author    = {Krautsevich, Leanid and Lazouski, Aliaksandr and Martinelli, Fabio and Yautsiukhin, Artsiom},
  title     = {Towards Attribute-Based Access Control Policy Engineering Using Risk},
  booktitle = {Risk Assessment and Risk-Driven Testing},
  year      = {2014},
  editor    = {Bauer, Thomas and Gro{\ss}mann, J{\"u}rgen and Seehusen, Fredrik and St{\o}len, Ketil and Wendland, Marc-Florian},
  pages     = {80--90},
  address   = {Cham},
  publisher = {Springer International Publishing},
  isbn      = {978-3-319-07076-6},
}

@InProceedings{wang2010,
  author    = {Guojun Wang and Qin Liu and Jie Wu},
  title     = {Hierarchical attribute-based encryption for fine-grained access control in cloud storage services},
  booktitle = {Proceedings of the 17th {ACM} Conference on Computer and Communications Security, {CCS} 2010, Chicago, Illinois, USA, October 4-8, 2010},
  year      = {2010},
  pages     = {735--737},
%  doi       = {10.1145/1866307.1866414},
%  url       = {https://doi.org/10.1145/1866307.1866414},
}

@Article{sandhu1994,
  author  = {R. S. {Sandhu} and P. {Samarati}},
  title   = {Access control: principle and practice},
  journal = {IEEE Communications Magazine},
  year    = {1994},
  volume  = {32},
  number  = {9},
  pages   = {40-48},
  month   = {Sep.},
  issn    = {0163-6804},
 % doi     = {10.1109/35.312842},
}

@Article{lampson1974,
  author     = {Lampson, Butler W.},
  title      = {Protection},
  journal    = {ACM SIGOPS Operating Systems Review},
  year       = {1974},
  volume     = {8},
  number     = {1},
  pages      = {18--24},
  month      = jan,
  issn       = {0163-5980},
  acmid      = {775268},
  address    = {New York, NY, USA},
%  doi        = {10.1145/775265.775268},
  issue_date = {January 1974},
  numpages   = {7},
  publisher  = {ACM},
}

@TechReport{bell1973,
  author      = {Bell, D Elliott and LaPadula, Leonard J},
  title       = {Secure computer systems: Mathematical foundations},
  institution = {Miter Corp Bedford Ma},
  year        = {1973},
%  url         = {www-personal.umich.edu/~cja/LPS12b/refs/belllapadula1.pdf},
}

@Article{sandhu1996,
  author  = {Sandhu, Ravi S. and Coyne, Edward J. and Feinstein, Hal L. and Youman, Charles E.},
  title   = {Role-based access control models},
  journal = {Computer},
  year    = {1996},
  volume  = {29},
  number  = {2},
  pages   = {38-47},
  month   = {Feb},
  issn    = {0018-9162},
%  doi     = {10.1109/2.485845},
}

@InProceedings{pimlott2006,
  author    = {Pimlott, Andrew and Kiselyov, Oleg},
  title     = {Soutei, a Logic-Based Trust-Management System},
  booktitle = {Functional and Logic Programming},
  year      = {2006},
  editor    = {Hagiya, Masami and Wadler, Philip},
  pages     = {130--145},
  address   = {Berlin, Heidelberg},
  publisher = {Springer Berlin Heidelberg},
}

@Article{kuhn2010,
  author  = {D. Richard Kuhn and Edward J. Coyne and Timothy R. Weil},
  title   = {Adding Attributes to Role-Based Access Control},
  journal = {Computer},
  year    = {2010},
  volume  = {43},
  number  = {6},
  pages   = {79-81},
  month   = {June},
  issn    = {0018-9162},
  doi     = {10.1109/MC.2010.155},
}

@Article{servos2017,
  author     = {Servos, Daniel and Osborn, Sylvia L.},
  title      = {Current Research and Open Problems in Attribute-Based Access Control},
  journal    = {ACM Computing Surveys (CSUR)},
  year       = {2017},
  volume     = {49},
  number     = {4},
  pages      = {65:1--65:45},
  month      = jan,
  issn       = {0360-0300},
  acmid      = {3007204},
  address    = {New York, NY, USA},
  articleno  = {65},
 % doi        = {10.1145/3007204},
  issue_date = {February 2017},
  numpages   = {45},
  publisher  = {ACM},
}

@Article{paci2018,
  author  = {Federica Paci and Anna Cinzia Squicciarini and Nicola Zannone},
  title   = {Survey on Access Control for Community-Centered Collaborative Systems},
  journal = {ACM Computing Surveys (CSUR)},
  year    = {2018},
  volume  = {51},
  number  = {1},
  pages   = {6:1--6:38},
%  doi     = {10.1145/3146025},
}

@InProceedings{cheng2007,
  author    = {Pau-Chen Cheng and Pankaj Rohatgi and Claudia Keser and Paul A. Karger and Grant M. Wagner and Angela Schuett Reninger},
  title     = {Fuzzy Multi-Level Security: An Experiment on Quantified Risk-Adaptive Access Control},
  booktitle = {2007 IEEE Symposium on Security and Privacy (SP '07)},
  year      = {2007},
  pages     = {222-230},
  month     = {May},
%  doi       = {10.1109/SP.2007.21},
  issn      = {1081-6011},
}

@InProceedings{dimmock2004,
  author    = {Dimmock, Nathan and Belokosztolszki, Andr\'{a}s and Eyers, David and Bacon, Jean and Moody, Ken},
  title     = {Using Trust and Risk in Role-based Access Control Policies},
  booktitle = {Proceedings of the Ninth ACM Symposium on Access Control Models and Technologies},
  year      = {2004},
  series    = {SACMAT '04},
  pages     = {156--162},
  address   = {New York, NY, USA},
  publisher = {ACM},
  acmid     = {990062},
%  doi       = {10.1145/990036.990062},
  isbn      = {1-58113-872-5},
  keywords  = {OASIS, SECURE, access control, risk, trust},
  location  = {Yorktown Heights, New York, USA},
  numpages  = {7},
}

@InProceedings{pustchi2015,
  author    = {Pustchi, Navid and Sandhu, Ravi},
  title     = {MT-ABAC: A Multi-Tenant Attribute-Based Access Control Model with Tenant Trust},
  booktitle = {Network and System Security},
  year      = {2015},
  editor    = {Qiu, Meikang and Xu, Shouhuai and Yung, Moti and Zhang, Haibo},
  pages     = {206--220},
  address   = {Cham},
  publisher = {Springer International Publishing},
  isbn      = {978-3-319-25645-0},
}

@InProceedings{ni2010,
  author    = {Ni, Qun and Bertino, Elisa and Lobo, Jorge},
  title     = {Risk-based Access Control Systems Built on Fuzzy Inferences},
  booktitle = {Proceedings of the 5th ACM Symposium on Information, Computer and Communications Security},
  year      = {2010},
  series    = {ASIACCS '10},
  pages     = {250--260},
  address   = {New York, NY, USA},
  publisher = {ACM},
  acmid     = {1755719},
 % doi       = {10.1145/1755688.1755719},
  isbn      = {978-1-60558-936-7},
  keywords  = {access control, fuzzy inference, risk},
  location  = {Beijing, China},
  numpages  = {11},
}

@InProceedings{wang2011,
  author    = {Wang, Qihua and Jin, Hongxia},
  title     = {Quantified Risk-adaptive Access Control for Patient Privacy Protection in Health Information Systems},
  booktitle = {Proceedings of the 6th ACM Symposium on Information, Computer and Communications Security},
  year      = {2011},
  series    = {ASIACCS '11},
  pages     = {406--410},
  address   = {New York, NY, USA},
  publisher = {ACM},
  acmid     = {1966969},
%  doi       = {10.1145/1966913.1966969},
  isbn      = {978-1-4503-0564-8},
  keywords  = {access control, healthcare, privacy, risk},
  location  = {Hong Kong, China},
  numpages  = {5},
}

@InProceedings{zhang2018,
  author    = {Zhang, Wenxi and Li, Hao and Zhang, Min and Lv, Zhiquan},
  title     = {Privacy-Aware Risk-Adaptive Access Control in Health Information Systems Using Topic Models},
  booktitle = {Proceedings of the 23Nd ACM on Symposium on Access Control Models and Technologies},
  year      = {2018},
  series    = {SACMAT '18},
  pages     = {61--67},
  address   = {New York, NY, USA},
  publisher = {ACM},
  acmid     = {3205991},
%  doi       = {10.1145/3205977.3205991},
  isbn      = {978-1-4503-5666-4},
  keywords  = {access control, healthcare, privacy, risk quantification, topic model},
  location  = {Indianapolis, Indiana, USA},
  numpages  = {7},
}

@Article{manshaei2013,
  author     = {Manshaei, Mohammad Hossein and Zhu, Quanyan and Alpcan, Tansu and Bac\c{s}ar, Tamer and Hubaux, Jean-Pierre},
  title      = {Game Theory Meets Network Security and Privacy},
  journal    = {ACM Computing Surveys (CSUR)},
  year       = {2013},
  volume     = {45},
  number     = {3},
  pages      = {25:1--25:39},
  month      = jul,
  issn       = {0360-0300},
  acmid      = {2480742},
  address    = {New York, NY, USA},
  articleno  = {25},
%  doi        = {10.1145/2480741.2480742},
  issue_date = {June 2013},
  keywords   = {Game theory, cryptography, intrusion detection system, location privacy, multiparty computation, network security and privacy, revocation, wireless security},
  numpages   = {39},
  publisher  = {ACM},
}

@Article{laszka2014,
  author     = {Laszka, Aron and Felegyhazi, Mark and Buttyan, Levente},
  title      = {A Survey of Interdependent Information Security Games},
  journal    = {ACM Computing Surveys (CSUR)},
  year       = {2014},
  volume     = {47},
  number     = {2},
  pages      = {23:1--23:38},
  month      = aug,
  issn       = {0360-0300},
  acmid      = {2635673},
  address    = {New York, NY, USA},
  articleno  = {23},
%  doi        = {10.1145/2635673},
  issue_date = {January 2015},
  keywords   = {Interdependent security, externality, security economics, security games},
  numpages   = {38},
  publisher  = {ACM},
}

@Article{nash1950,
  author    = {Nash, John F.},
  title     = {Equilibrium points in n-person games},
  journal   = {Proceedings of the National Academy of Sciences},
  year      = {1950},
  volume    = {36},
  number    = {1},
  pages     = {48--49},
  issn      = {0027-8424},
%  doi       = {10.1073/pnas.36.1.48},
  publisher = {National Academy of Sciences},
}

@Article{do2017,
  author     = {Do, Cuong T. and Tran, Nguyen H. and Hong, Choongseon and Kamhoua, Charles A. and Kwiat, Kevin A. and Blasch, Erik and Ren, Shaolei and Pissinou, Niki and Iyengar, Sundaraja Sitharama},
  title      = {Game Theory for Cyber Security and Privacy},
  journal    = {ACM Computing Surveys (CSUR)},
  year       = {2017},
  volume     = {50},
  number     = {2},
  pages      = {30:1--30:37},
  month      = may,
  issn       = {0360-0300},
  acmid      = {3057268},
  address    = {New York, NY, USA},
  articleno  = {30},
%  doi        = {10.1145/3057268},
  issue_date = {June 2017},
  keywords   = {Game theory, cyber security, privacy},
  numpages   = {37},
  publisher  = {ACM},
}

@InProceedings{zhu2018,
  author    = {Quanyan Zhu and Stefan Rass},
  title     = {Game Theory Meets Network Security: {A} Tutorial},
  booktitle = {Proceedings of the 2018 {ACM} {SIGSAC} Conference on Computer and Communications Security, {CCS} 2018, Toronto, ON, Canada, October 15-19, 2018},
  year      = {2018},
  pages     = {2163--2165},
%  doi       = {10.1145/3243734.3264421},
}

@InProceedings{hu2014,
  author    = {Hu, Hongxin and Ahn, Gail-Joon and Zhao, Ziming and Yang, Dejun},
  title     = {Game Theoretic Analysis of Multiparty Access Control in Online Social Networks},
  booktitle = {Proceedings of the 19th ACM Symposium on Access Control Models and Technologies},
  year      = {2014},
  series    = {SACMAT '14},
  pages     = {93--102},
  address   = {New York, NY, USA},
  publisher = {ACM},
  acmid     = {2613097},
%%  doi       = {10.1145/2613087.2613097},
  isbn      = {978-1-4503-2939-2},
  keywords  = {game theory, multiparty access control, social networks},
  location  = {London, Ontario, Canada},
  numpages  = {10},
}

@InProceedings{zhang2014,
  author    = {Zhang, Wen and Chen, You and Cybulski, Thaddeus and Fabbri, Daniel and Gunter, Carl and Lawlor, Patrick and Liebovitz, David and Malin, Bradley},
  title     = {Decide Now or Decide Later?: Quantifying the Tradeoff Between Prospective and Retrospective Access Decisions},
  booktitle = {Proceedings of the 2014 ACM SIGSAC Conference on Computer and Communications Security},
  year      = {2014},
  series    = {CCS '14},
  pages     = {1182--1192},
  address   = {New York, NY, USA},
  publisher = {ACM},
  acmid     = {2660341},
 % doi       = {10.1145/2660267.2660341},
  isbn      = {978-1-4503-2957-6},
  keywords  = {access control, audit, context, data mining, decision support},
  location  = {Scottsdale, Arizona, USA},
  numpages  = {11},
}

@Article{zhang2015,
  author     = {Zhang, Yixuan and He, Jingsha and Zhao, Bin and Huang, Zhiqing and Liu, Ruohong},
  title      = {Towards More Pro-active Access Control in Computer Systems and Networks},
  journal    = {Computers and Security},
  year       = {2015},
  volume     = {49},
  number     = {C},
  pages      = {132--146},
  month      = mar,
  issn       = {0167-4048},
  acmid      = {2776264},
  address    = {Oxford, UK, UK},
 % doi        = {10.1016/j.cose.2014.12.001},
  issue_date = {March 2015},
  numpages   = {15},
  publisher  = {Elsevier Advanced Technology Publications},
}

@Article{liu2016,
  author  = {Chengyi Liu and Song Xing and Lianfeng Shen},
  title   = {Dynamic hybrid-access control in multi-user and multi-femtocell networks via Stackelberg game competition},
  journal = {IET Communications},
  year    = {2016},
  volume  = {10},
  number  = {7},
  pages   = {862-872},
  issn    = {1751-8628},
%  doi     = {10.1049/iet-com.2015.0684},
}

@Article{gao2018,
  author  = {Lijun Gao and Zheng Yan and Laurence T. Yang},
  title   = {Game Theoretical Analysis on Acceptance of a Cloud Data Access Control System Based on Reputation},
  journal = {IEEE Transactions on Cloud Computing},
  year    = {2018},
  pages   = {1-1},
  issn    = {2168-7161},
%  doi     = {10.1109/TCC.2016.2632110},
}

@Article{helil2017,
  author  = {Nurmamat Helil and Azhar Halik and Kaysar Rahman},
  title   = {Non-zero-sum cooperative access control game model with user trust and permission risk},
  journal = {Applied Mathematics and Computation},
  year    = {2017},
  volume  = {307},
  pages   = {299 - 310},
  issn    = {0096-3003},
%  doi     = {10.1016/j.amc.2017.03.006},
}

@Article{wang2019,
  author         = {Wang, Yan and Tian, Liqin and Chen, Zhenguo},
  title          = {Game Analysis of Access Control Based on User Behavior Trust},
  journal        = {Information},
  year           = {2019},
  volume         = {10},
  number         = {4},
  issn           = {2078-2489},
  article-number = {132},
%  doi            = {10.3390/info10040132},
  keywords       = {rank5},
  timestamp      = {2019-04-28},
}

@InProceedings{kandala2011,
  author    = {Savith Kandala and Ravi Sandhu and Venkata Bhamidipati},
  title     = {An Attribute Based Framework for Risk-Adaptive Access Control Models},
  booktitle = {2011 Sixth International Conference on Availability, Reliability and Security},
  year      = {2011},
  pages     = {236-241},
  month     = {Aug},
%  doi       = {10.1109/ARES.2011.41},
}

@InProceedings{diep2007,
  author    = {Nguyen Ngoc Diep and Le Xuan Hung and Yonil Zhung and Sungyoung Lee and Young-koo Lee and Heejo Lee},
  title     = {Enforcing Access Control Using Risk Assessment},
  booktitle = {Fourth European Conference on Universal Multiservice Networks (ECUMN'07)},
  year      = {2007},
  pages     = {419-424},
  month     = {Feb},
}

@Book{owen2001,
  title     = {Game Theory},
  publisher = {Academic Press},
  year      = {2001},
  author    = {Owen, G.},
  address   = {San Diego},
  edition   = {3rd Edition},
}
}

@Book{gibbons1992,
  title     = {Game Theory for Applied Economists},
  publisher = {Princeton University Press},
  year      = {1992},
  author    = {R. Gibbons},
  address   = {Princeton},
}
}

@Article{liang2013,
  author  = {X. {Liang} and Y. {Xiao}},
  title   = {Game Theory for Network Security},
  journal = {IEEE Communications Surveys Tutorials},
  year    = {2013},
  volume  = {15},
  number  = {1},
  pages   = {472-486},
  month   = {First},
  issn    = {1553-877X},
%  doi     = {10.1109/SURV.2012.062612.00056},
}

@Article{manshaei2013a,
  author  = {Mohammad Hossein Manshaei and Quanyan Zhu and Tansu Alpcan and Tamer Basar and Jean{-}Pierre Hubaux},
  title   = {Game theory meets network security and privacy},
  journal = {{ACM} Comput. Surv.},
  year    = {2013},
  volume  = {45},
  number  = {3},
  pages   = {25:1--25:39},
%  doi     = {10.1145/2480741.2480742},
}

@Article{do2017a,
  author  = {Cuong T. Do and Nguyen H. Tran and Choong Seon Hong and Charles A. Kamhoua and Kevin A. Kwiat and Erik Blasch and Shaolei Ren and Niki Pissinou and Sundaraja Sitharama Iyengar},
  title   = {Game Theory for Cyber Security and Privacy},
  journal = {ACM Computing Surveys (CSUR)},
  year    = {2017},
  volume  = {50},
  number  = {2},
  pages   = {30:1--30:37},
%  doi     = {10.1145/3057268},
}


@Article{stone2018,
  author        = {James V. Stone},
  title         = {Information Theory: {A} Tutorial Introduction},
  journal       = {CoRR},
  year          = {2018},
  volume        = {abs/1802.05968},
  archiveprefix = {arXiv},
  eprint        = {1802.05968},
%  url           = {http://arxiv.org/abs/1802.05968},
}

@Article{wagner2018,
  author  = {Isabel Wagner and David Eckhoff},
  title   = {Technical Privacy Metrics: {A} Systematic Survey},
  journal = {{ACM} Comput. Surv.},
  year    = {2018},
  volume  = {51},
  number  = {3},
  pages   = {57:1--57:38},
%  doi     = {10.1145/3168389},
}

@TechReport{mcgraw2009,
  author      = {R. McGraw},
  title       = {Risk-Adaptable Access Control ({RAdAC})},
  institution = {{NIST} Privilege (Access) Management Workshop},
  year        = {2009},
  timestamp   = {2019-06-12},
}

@article{wang2015,
  title={网络群体行为的演化博弈模型与分析方法},
  author={王元卓 and 于建业 and 邱雯 and 沈华伟 and 程学旗 and 林闯},
  journal={计算机学报},
  volume={38},
  number={2},
  pages={282-300},
  year={2015},
}
@Comment{jabref-meta: databaseType:bibtex;}
